<record><leader>00000cas a2200000 a 4500</leader><controlfield tag="001">8143974</controlfield><controlfield tag="008">820210d18931941msudr ne      0   a0eng c</controlfield><datafield ind1=" " ind2=" " tag="010"><subfield code="a">sn 83045233 </subfield></datafield><datafield ind1=" " ind2=" " tag="040"><subfield code="a">CRL</subfield><subfield code="b">eng</subfield><subfield code="c">CRL</subfield><subfield code="d">NPW</subfield><subfield code="d">DLC</subfield><subfield code="d">PPM</subfield><subfield code="d">MSJ</subfield><subfield code="d">NSD</subfield><subfield code="d">ANU</subfield><subfield code="d">CRL</subfield><subfield code="d">DLC</subfield><subfield code="d">OCLCQ</subfield><subfield code="d">OCLCF</subfield></datafield><datafield ind1="1" ind2=" " tag="029"><subfield code="a">AU@</subfield><subfield code="b">000020411437</subfield></datafield><datafield ind1=" " ind2=" " tag="042"><subfield code="a">pcc</subfield></datafield><datafield ind1=" " ind2=" " tag="043"><subfield code="a">n-us-ms</subfield></datafield><datafield ind1="0" ind2="0" tag="050"><subfield code="a">Newspaper</subfield></datafield><datafield ind1="0" ind2="0" tag="245"><subfield code="a">Daily clarion-ledger.</subfield></datafield><datafield ind1=" " ind2=" " tag="260"><subfield code="a">Jackson, Miss. :</subfield><subfield code="b">R.H. Henry,</subfield><subfield code="c">1893-1941.</subfield></datafield><datafield ind1=" " ind2=" " tag="300"><subfield code="a">49 v.</subfield></datafield><datafield ind1=" " ind2=" " tag="310"><subfield code="a">Daily</subfield></datafield><datafield ind1="0" ind2=" " tag="362"><subfield code="a">Vol. 5, no. 1253 (Jan. 3, 1893)-May 7, 1941.</subfield></datafield><datafield ind1=" " ind2=" " tag="500"><subfield code="a">Publisher varies.</subfield></datafield><datafield ind1=" " ind2=" " tag="500"><subfield code="a">Special "Centennial edition" published Dec. 31, 1937.</subfield></datafield><datafield ind1=" " ind2=" " tag="530"><subfield code="a">Available on microfilm from Underground Vaults and Storage, and Bell and Howell Information and Learning.</subfield></datafield><datafield ind1=" " ind2=" " tag="530"><subfield code="a">Sunday issues for Apr. 20, 1913-Dec. 25, 1921 are available on microfilm from the Library of Congress, Photoduplication Service.</subfield></datafield><datafield ind1=" " ind2=" " tag="580"><subfield code="a">Merger of: Daily clarion (Jackson, Miss. : 1891), and: Daily state ledger.</subfield></datafield><datafield ind1=" " ind2=" " tag="580"><subfield code="a">Weekly eds.: Clarion-ledger (Jackson, Miss. : 1893); Weekly clarion-ledger.</subfield></datafield><datafield ind1=" " ind2="0" tag="651"><subfield code="a">Jackson (Miss.)</subfield><subfield code="v">Newspapers.</subfield></datafield><datafield ind1=" " ind2="0" tag="651"><subfield code="a">Hinds County (Miss.)</subfield><subfield code="v">Newspapers.</subfield></datafield><datafield ind1=" " ind2="7" tag="655"><subfield code="a">Newspapers.</subfield><subfield code="2">fast</subfield><subfield code="0">(OCoLC)fst01423814</subfield></datafield><datafield ind1=" " ind2="7" tag="651"><subfield code="a">Mississippi</subfield><subfield code="z">Hinds County.</subfield><subfield code="2">fast</subfield><subfield code="0">(OCoLC)fst01208481</subfield></datafield><datafield ind1=" " ind2="7" tag="651"><subfield code="a">Mississippi</subfield><subfield code="z">Jackson.</subfield><subfield code="2">fast</subfield><subfield code="0">(OCoLC)fst01205500</subfield></datafield><datafield ind1=" " ind2=" " tag="752"><subfield code="a">United States</subfield><subfield code="b">Mississippi</subfield><subfield code="c">Hinds</subfield><subfield code="d">Jackson.</subfield></datafield><datafield ind1="1" ind2=" " tag="775"><subfield code="t">Clarion ledger (Jackson, Miss.: 1893)</subfield><subfield code="w">(DLC)sn 83016932</subfield><subfield code="w">(OCoLC)10210919</subfield></datafield><datafield ind1="1" ind2=" " tag="775"><subfield code="t">Weekly clarion-ledger</subfield><subfield code="w">(DLC)sn 83016933</subfield><subfield code="w">(OCoLC)10210979</subfield></datafield><datafield ind1="1" ind2="4" tag="780"><subfield code="t">Daily clarion (Jackson, Miss. : 1891)</subfield><subfield code="w">(DLC)sn 87065242</subfield><subfield code="w">(OCoLC)15545068</subfield></datafield><datafield ind1="1" ind2="4" tag="780"><subfield code="t">Daily state ledger</subfield><subfield code="w">(DLC)sn 87065244</subfield><subfield code="w">(OCoLC)15545909</subfield></datafield><datafield ind1="0" ind2="0" tag="785"><subfield code="t">Clarion-ledger (Jackson, Miss. : 1941)</subfield><subfield code="x">0744-9526</subfield><subfield code="w">(DLC)sn 82005893</subfield><subfield code="w">(OCoLC)8674244</subfield></datafield></record>